<?xml version="1.0" encoding="UTF-8"?>
  <record xmlns="http://www.loc.gov/MARC21/slim" type="Authority">
    <leader>00000nz  a2200000nc 4500</leader>
    <controlfield tag="001">118500244</controlfield>
    <controlfield tag="003">DE-101</controlfield>
    <controlfield tag="005">20220309171410.0</controlfield>
    <controlfield tag="008">880701n||azznnaabn           | aaa    |c</controlfield>
    <datafield tag="024" ind1="7" ind2=" ">
      <subfield code="a">118500244</subfield>
      <subfield code="0">http://d-nb.info/gnd/118500244</subfield>
      <subfield code="2">gnd</subfield>
    </datafield>
    <datafield tag="035" ind1=" " ind2=" ">
      <subfield code="a">(DE-101)118500244</subfield>
    </datafield>
    <datafield tag="035" ind1=" " ind2=" ">
      <subfield code="a">(DE-588)118500244</subfield>
    </datafield>
    <datafield tag="035" ind1=" " ind2=" ">
      <subfield code="z">(DE-588a)118500244</subfield>
      <subfield code="9">v:zg</subfield>
    </datafield>
    <datafield tag="035" ind1=" " ind2=" ">
      <subfield code="z">(DE-588c)4000190-8</subfield>
      <subfield code="9">v:zg</subfield>
    </datafield>
    <datafield tag="040" ind1=" " ind2=" ">
      <subfield code="a">DE-101</subfield>
      <subfield code="c">DE-101</subfield>
      <subfield code="9">r:DE-101</subfield>
      <subfield code="b">ger</subfield>
      <subfield code="d">9999</subfield>
    </datafield>
    <datafield tag="042" ind1=" " ind2=" ">
      <subfield code="a">gnd1</subfield>
    </datafield>
    <datafield tag="043" ind1=" " ind2=" ">
      <subfield code="c">XA-PT</subfield>
      <subfield code="c">XA-IT</subfield>
      <subfield code="c">XY</subfield>
    </datafield>
    <datafield tag="065" ind1=" " ind2=" ">
      <subfield code="a">3.1p</subfield>
      <subfield code="2">sswd</subfield>
    </datafield>
    <datafield tag="065" ind1=" " ind2=" ">
      <subfield code="a">16.5p</subfield>
      <subfield code="2">sswd</subfield>
    </datafield>
    <datafield tag="065" ind1=" " ind2=" ">
      <subfield code="a">4.7p</subfield>
      <subfield code="2">sswd</subfield>
    </datafield>
    <datafield tag="075" ind1=" " ind2=" ">
      <subfield code="b">p</subfield>
      <subfield code="2">gndgen</subfield>
    </datafield>
    <datafield tag="075" ind1=" " ind2=" ">
      <subfield code="b">piz</subfield>
      <subfield code="2">gndspec</subfield>
    </datafield>
    <datafield tag="079" ind1=" " ind2=" ">
      <subfield code="a">g</subfield>
      <subfield code="q">a</subfield>
      <subfield code="q">f</subfield>
      <subfield code="q">e</subfield>
      <subfield code="q">s</subfield>
      <subfield code="u">v</subfield>
      <subfield code="u">w</subfield>
      <subfield code="u">o</subfield>
    </datafield>
    <datafield tag="100" ind1="1" ind2=" ">
      <subfield code="a">Abravanel, Yitsḥaḳ</subfield>
      <subfield code="d">1437-1508</subfield>
    </datafield>
    <datafield tag="375" ind1=" " ind2=" ">
      <subfield code="a">1</subfield>
      <subfield code="2">iso5218</subfield>
    </datafield>
    <datafield tag="400" ind1="1" ind2=" ">
      <subfield code="a">Abravanêl, Yiṣḥāq</subfield>
      <subfield code="d">1437-1508</subfield>
      <subfield code="9">v:DIN Stand 1982</subfield>
    </datafield>
    <datafield tag="400" ind1="1" ind2=" ">
      <subfield code="a">Abarbenel, Isaac</subfield>
      <subfield code="d">1437-1508</subfield>
    </datafield>
    <datafield tag="400" ind1="1" ind2=" ">
      <subfield code="a">Abravanel, Isaak Ben-Jehuda</subfield>
      <subfield code="d">1437-1508</subfield>
      <subfield code="9">v:M, Enc. Judaica</subfield>
    </datafield>
    <datafield tag="400" ind1="1" ind2=" ">
      <subfield code="a">Abrabanel, Isaak B.</subfield>
      <subfield code="d">1437-1508</subfield>
    </datafield>
    <datafield tag="400" ind1="1" ind2=" ">
      <subfield code="a">Abravanel, Don Isaak ben Jehuda</subfield>
      <subfield code="d">1437-1508</subfield>
    </datafield>
    <datafield tag="400" ind1="1" ind2=" ">
      <subfield code="a">Abravanēl, Yishāq Ben-Yehûda</subfield>
      <subfield code="d">1437-1508</subfield>
    </datafield>
    <datafield tag="400" ind1="1" ind2=" ">
      <subfield code="a">Abravanel, Yitsḥaḳ</subfield>
      <subfield code="c">Don</subfield>
      <subfield code="d">1437-1508</subfield>
    </datafield>
    <datafield tag="400" ind1="0" ind2=" ">
      <subfield code="a">Abravanêl</subfield>
      <subfield code="c">Don Yishāq</subfield>
      <subfield code="d">1437-1508</subfield>
    </datafield>
    <datafield tag="400" ind1="0" ind2=" ">
      <subfield code="a">Isaak</subfield>
      <subfield code="c">Abravanel</subfield>
      <subfield code="d">1437-1508</subfield>
    </datafield>
    <datafield tag="400" ind1="1" ind2=" ">
      <subfield code="a">Arabanel, Isaac</subfield>
      <subfield code="d">1437-1508</subfield>
    </datafield>
    <datafield tag="400" ind1="1" ind2=" ">
      <subfield code="a">Abrabaniel, Isaac</subfield>
      <subfield code="d">1437-1508</subfield>
    </datafield>
    <datafield tag="400" ind1="1" ind2=" ">
      <subfield code="a">Abravanel, Yishaq</subfield>
      <subfield code="d">1437-1508</subfield>
    </datafield>
    <datafield tag="400" ind1="1" ind2=" ">
      <subfield code="a">Abravanēl, Yishāq B.</subfield>
      <subfield code="d">1437-1508</subfield>
    </datafield>
    <datafield tag="400" ind1="1" ind2=" ">
      <subfield code="a">Abarbanel, Ishac</subfield>
      <subfield code="d">1437-1508</subfield>
    </datafield>
    <datafield tag="400" ind1="1" ind2=" ">
      <subfield code="a">Abarbanēl, Yiṣḥāq</subfield>
      <subfield code="d">1437-1508</subfield>
    </datafield>
    <datafield tag="400" ind1="1" ind2=" ">
      <subfield code="a">Abarbanēl, Jiṣḥāq</subfield>
      <subfield code="d">1437-1508</subfield>
    </datafield>
    <datafield tag="400" ind1="0" ind2=" ">
      <subfield code="a">Isaac</subfield>
      <subfield code="c">Abarbanelis</subfield>
      <subfield code="d">1437-1508</subfield>
    </datafield>
    <datafield tag="400" ind1="0" ind2=" ">
      <subfield code="a">Isaac ben Judah Abravanel</subfield>
      <subfield code="d">1437-1508</subfield>
    </datafield>
    <datafield tag="400" ind1="1" ind2=" ">
      <subfield code="a">Abravaniʾel, Yitsḥaḳ</subfield>
      <subfield code="d">1437-1508</subfield>
    </datafield>
    <datafield tag="400" ind1="1" ind2=" ">
      <subfield code="a">Abravaʾel, Yitsḥaḳ</subfield>
      <subfield code="d">1437-1508</subfield>
    </datafield>
    <datafield tag="400" ind1="1" ind2=" ">
      <subfield code="a">Abravanel, Isaak ben Jehuda</subfield>
      <subfield code="d">1437-1508</subfield>
    </datafield>
    <datafield tag="400" ind1="1" ind2=" ">
      <subfield code="a">Abarbanel, Ishak</subfield>
      <subfield code="d">1437-1508</subfield>
    </datafield>
    <datafield tag="400" ind1="1" ind2=" ">
      <subfield code="a">Abirbinel, Isaac</subfield>
      <subfield code="d">1437-1508</subfield>
    </datafield>
    <datafield tag="400" ind1="1" ind2=" ">
      <subfield code="a">Barbanella, Isaac</subfield>
      <subfield code="d">1437-1508</subfield>
    </datafield>
    <datafield tag="400" ind1="0" ind2=" ">
      <subfield code="a">Isaak</subfield>
      <subfield code="c">Abrabanel</subfield>
      <subfield code="d">1437-1508</subfield>
    </datafield>
    <datafield tag="400" ind1="0" ind2=" ">
      <subfield code="a">Yiṣḥāq</subfield>
      <subfield code="c">Abravanêl</subfield>
      <subfield code="d">1437-1508</subfield>
    </datafield>
    <datafield tag="400" ind1="1" ind2=" ">
      <subfield code="a">ʾBRBNʾL, Dôn Yiṣḥāq</subfield>
      <subfield code="d">1437-1508</subfield>
    </datafield>
    <datafield tag="400" ind1="1" ind2=" ">
      <subfield code="a">Abravanelius, Isaac</subfield>
      <subfield code="d">1437-1508</subfield>
    </datafield>
    <datafield tag="400" ind1="1" ind2=" ">
      <subfield code="a">Abrabanel, Isaac Ben Judah</subfield>
      <subfield code="d">1437-1508</subfield>
    </datafield>
    <datafield tag="400" ind1="1" ind2=" ">
      <subfield code="a">Abravanel, Yitsḥaḳ ben Yehudah</subfield>
      <subfield code="d">1437-1508</subfield>
    </datafield>
    <datafield tag="400" ind1="1" ind2=" ">
      <subfield code="a">Abarbanel, Isaac</subfield>
      <subfield code="d">1437-1508</subfield>
    </datafield>
    <datafield tag="400" ind1="1" ind2=" ">
      <subfield code="a">Abravanel, Isaac</subfield>
      <subfield code="d">1437-1508</subfield>
    </datafield>
    <datafield tag="400" ind1="1" ind2=" ">
      <subfield code="a">Abrabanel, Isaac</subfield>
      <subfield code="d">1437-1508</subfield>
    </datafield>
    <datafield tag="400" ind1="1" ind2=" ">
      <subfield code="a">Abravanel, Isaak</subfield>
      <subfield code="d">1437-1508</subfield>
    </datafield>
    <datafield tag="400" ind1="1" ind2=" ">
      <subfield code="a">Abravanel, Yitzhak</subfield>
      <subfield code="d">1437-1508</subfield>
    </datafield>
    <datafield tag="400" ind1="1" ind2=" ">
      <subfield code="a">Abrabanel, Isaak</subfield>
      <subfield code="d">1437-1508</subfield>
    </datafield>
    <datafield tag="400" ind1="1" ind2=" ">
      <subfield code="a">Abravanel, Yiṣḥaq ben Yehuda</subfield>
      <subfield code="d">1437-1508</subfield>
    </datafield>
    <datafield tag="400" ind1="0" ind2=" ">
      <subfield code="a">Yiṣḥaq ben Yehuda Abravanel</subfield>
      <subfield code="d">1437-1508</subfield>
    </datafield>
    <datafield tag="400" ind1="1" ind2=" ">
      <subfield code="a">Abarbanel, Isaak</subfield>
      <subfield code="d">1437-1508</subfield>
    </datafield>
    <datafield tag="400" ind1="1" ind2=" ">
      <subfield code="a">Abarbanel, Yitzhak</subfield>
      <subfield code="d">1437-1508</subfield>
    </datafield>
    <datafield tag="400" ind1="0" ind2=" ">
      <subfield code="a">Yitshak ben Yehudah Abravanel</subfield>
      <subfield code="d">1437-1508</subfield>
    </datafield>
    <datafield tag="400" ind1="1" ind2=" ">
      <subfield code="a">Abarbanel, Yiṣḥaq</subfield>
      <subfield code="d">1437-1508</subfield>
    </datafield>
    <datafield tag="400" ind1="1" ind2=" ">
      <subfield code="a">Abravani'el, Yitshak</subfield>
      <subfield code="d">1437-1508</subfield>
    </datafield>
    <datafield tag="400" ind1="1" ind2=" ">
      <subfield code="a">Abarbenel, Isaacus</subfield>
      <subfield code="d">1437-1508</subfield>
    </datafield>
    <datafield tag="400" ind1="1" ind2=" ">
      <subfield code="a">Abarbenel, Yitshak</subfield>
      <subfield code="d">1437-1508</subfield>
    </datafield>
    <datafield tag="400" ind1="1" ind2=" ">
      <subfield code="a">Judah Abravanel, Yitshak ben</subfield>
      <subfield code="d">1437-1508</subfield>
    </datafield>
    <datafield tag="400" ind1="1" ind2=" ">
      <subfield code="a">Avravanʾel, Yitṣḥaķ</subfield>
      <subfield code="d">1437-1508</subfield>
    </datafield>
    <datafield tag="400" ind1="0" ind2=" ">
      <subfield code="a">Jiṣḥāq Abravanel ben Jehūdāh</subfield>
      <subfield code="d">1437-1508</subfield>
    </datafield>
    <datafield tag="400" ind1="1" ind2=" ">
      <subfield code="a">Abravanel, Yishaq ben Yehûda</subfield>
      <subfield code="d">1437-1508</subfield>
    </datafield>
    <datafield tag="400" ind1="0" ind2=" ">
      <subfield code="a">Yishaq ben Yehûda Abravanel</subfield>
      <subfield code="d">1437-1508</subfield>
    </datafield>
    <datafield tag="400" ind1="1" ind2=" ">
      <subfield code="9">U:Hebr</subfield>
      <subfield code="a">אברבנאל, יצחק</subfield>
      <subfield code="d">1437-1508</subfield>
      <subfield code="5">DE-603</subfield>
    </datafield>
    <datafield tag="400" ind1="1" ind2=" ">
      <subfield code="9">U:Hebr</subfield>
      <subfield code="a">אברבנאל, יצחק בן יהודה</subfield>
      <subfield code="d">1437-1508</subfield>
    </datafield>
    <datafield tag="400" ind1="0" ind2=" ">
      <subfield code="9">U:Hebr</subfield>
      <subfield code="a">יצחק בן יהודהא אבראבאנאל</subfield>
      <subfield code="d">1437-1508</subfield>
    </datafield>
    <datafield tag="400" ind1="1" ind2=" ">
      <subfield code="9">U:Hebr</subfield>
      <subfield code="a">אברבניאל, יצחק</subfield>
      <subfield code="d">1437-1508</subfield>
    </datafield>
    <datafield tag="500" ind1="0" ind2=" ">
      <subfield code="0">(DE-101)118500198</subfield>
      <subfield code="0">(DE-588)118500198</subfield>
      <subfield code="0">https://d-nb.info/gnd/118500198</subfield>
      <subfield code="a">Leo</subfield>
      <subfield code="c">Hebraeus</subfield>
      <subfield code="d">1460-1523</subfield>
      <subfield code="4">bezf</subfield>
      <subfield code="4">https://d-nb.info/standards/elementset/gnd#familialRelationship</subfield>
      <subfield code="w">r</subfield>
      <subfield code="i">Beziehung familiaer</subfield>
      <subfield code="e">Beziehung familiaer</subfield>
      <subfield code="9">v:Sohn</subfield>
    </datafield>
    <datafield tag="548" ind1=" " ind2=" ">
      <subfield code="a">1437-1508</subfield>
      <subfield code="4">datl</subfield>
      <subfield code="4">https://d-nb.info/standards/elementset/gnd#dateOfBirthAndDeath</subfield>
      <subfield code="w">r</subfield>
      <subfield code="i">Lebensdaten</subfield>
    </datafield>
    <datafield tag="550" ind1=" " ind2=" ">
      <subfield code="0">(DE-101)040457907</subfield>
      <subfield code="0">(DE-588)4045790-4</subfield>
      <subfield code="0">https://d-nb.info/gnd/4045790-4</subfield>
      <subfield code="a">Philosoph</subfield>
      <subfield code="4">berc</subfield>
      <subfield code="4">https://d-nb.info/standards/elementset/gnd#professionOrOccupation</subfield>
      <subfield code="w">r</subfield>
      <subfield code="i">Charakteristischer Beruf</subfield>
    </datafield>
    <datafield tag="550" ind1=" " ind2=" ">
      <subfield code="0">(DE-101)040465179</subfield>
      <subfield code="0">(DE-588)4046517-2</subfield>
      <subfield code="0">https://d-nb.info/gnd/4046517-2</subfield>
      <subfield code="a">Politiker</subfield>
      <subfield code="4">beru</subfield>
      <subfield code="4">https://d-nb.info/standards/elementset/gnd#professionOrOccupation</subfield>
      <subfield code="w">r</subfield>
      <subfield code="i">Beruf</subfield>
    </datafield>
    <datafield tag="550" ind1=" " ind2=" ">
      <subfield code="0">(DE-101)041767519</subfield>
      <subfield code="0">(DE-588)4176751-2</subfield>
      <subfield code="0">https://d-nb.info/gnd/4176751-2</subfield>
      <subfield code="a">Rabbiner</subfield>
      <subfield code="4">beru</subfield>
      <subfield code="4">https://d-nb.info/standards/elementset/gnd#professionOrOccupation</subfield>
      <subfield code="w">r</subfield>
      <subfield code="i">Beruf</subfield>
    </datafield>
    <datafield tag="551" ind1=" " ind2=" ">
      <subfield code="0">(DE-101)040359190</subfield>
      <subfield code="0">(DE-588)4035919-0</subfield>
      <subfield code="0">https://d-nb.info/gnd/4035919-0</subfield>
      <subfield code="a">Lissabon</subfield>
      <subfield code="4">ortg</subfield>
      <subfield code="4">https://d-nb.info/standards/elementset/gnd#placeOfBirth</subfield>
      <subfield code="w">r</subfield>
      <subfield code="i">Geburtsort</subfield>
    </datafield>
    <datafield tag="551" ind1=" " ind2=" ">
      <subfield code="0">(DE-101)04062501X</subfield>
      <subfield code="0">(DE-588)4062501-1</subfield>
      <subfield code="0">https://d-nb.info/gnd/4062501-1</subfield>
      <subfield code="a">Venedig</subfield>
      <subfield code="4">orts</subfield>
      <subfield code="4">https://d-nb.info/standards/elementset/gnd#placeOfDeath</subfield>
      <subfield code="w">r</subfield>
      <subfield code="i">Sterbeort</subfield>
    </datafield>
    <datafield tag="667" ind1=" " ind2=" ">
      <subfield code="a">384</subfield>
    </datafield>
    <datafield tag="667" ind1=" " ind2=" ">
      <subfield code="a">7</subfield>
    </datafield>
    <datafield tag="667" ind1=" " ind2=" ">
      <subfield code="a">12</subfield>
    </datafield>
    <datafield tag="667" ind1=" " ind2=" ">
      <subfield code="a">VD-17</subfield>
    </datafield>
    <datafield tag="667" ind1=" " ind2=" ">
      <subfield code="a">Red. SSG</subfield>
    </datafield>
    <datafield tag="667" ind1=" " ind2=" ">
      <subfield code="a">Ansetzung auf Hebr. entspr. KIDS (gegen LCAuth)</subfield>
    </datafield>
    <datafield tag="667" ind1=" " ind2=" ">
      <subfield code="a">Quelle: DNB-Normdaten</subfield>
    </datafield>
    <datafield tag="670" ind1=" " ind2=" ">
      <subfield code="a">LCAuth</subfield>
    </datafield>
    <datafield tag="670" ind1=" " ind2=" ">
      <subfield code="a">Enc. Jud.</subfield>
    </datafield>
    <datafield tag="670" ind1=" " ind2=" ">
      <subfield code="a">Wikipedia</subfield>
      <subfield code="b">Stand: 12.12.2019</subfield>
      <subfield code="u">https://de.wikipedia.org/wiki/Isaak_Abrabanel</subfield>
    </datafield>
    <datafield tag="672" ind1=" " ind2="0">
      <subfield code="a">Abravanêl, Yiṣḥāq: Sacrificium Paschatis</subfield>
      <subfield code="f">1545</subfield>
    </datafield>
    <datafield tag="672" ind1=" " ind2="0">
      <subfield code="a">Abravanêl, Yiṣḥāq: Dissertatio de statu et jure regio</subfield>
      <subfield code="f">1662</subfield>
    </datafield>
    <datafield tag="672" ind1=" " ind2="0">
      <subfield code="a">Abravanêl, Yiṣḥāq: Dissertatio de miraculosa statione solis, tempore Josuae</subfield>
      <subfield code="f">1662</subfield>
    </datafield>
    <datafield tag="672" ind1=" " ind2="0">
      <subfield code="a">Abravanêl, Yiṣḥāq: Dissertatio de excidii poena, cujus frequens in legementio</subfield>
      <subfield code="f">1662</subfield>
    </datafield>
    <datafield tag="672" ind1=" " ind2="0">
      <subfield code="a">Abravanêl, Yiṣḥāq: Dissertatio peccato Davidis numerantis populum</subfield>
      <subfield code="f">1683</subfield>
    </datafield>
    <datafield tag="672" ind1=" " ind2="0">
      <subfield code="a">Abravanêl, Yiṣḥāq: Caput fidei</subfield>
      <subfield code="f">1545</subfield>
    </datafield>
    <datafield tag="672" ind1=" " ind2="0">
      <subfield code="a">Abravanêl, Yiṣḥāq: Caput fidei</subfield>
      <subfield code="f">1515</subfield>
    </datafield>
    <datafield tag="672" ind1=" " ind2="0">
      <subfield code="a">Abravanêl, Yiṣḥāq: Commentarius in Pentateuchum Perusch Thora</subfield>
      <subfield code="f">1710</subfield>
    </datafield>
    <datafield tag="672" ind1=" " ind2="0">
      <subfield code="a">Abravanêl, Yiṣḥāq: Corona Senum</subfield>
      <subfield code="f">1557</subfield>
    </datafield>
    <datafield tag="672" ind1=" " ind2="0">
      <subfield code="a">Abravanêl, Yiṣḥāq: Dissertatio de librorum biblicorum divisione in legem, prophetas e*</subfield>
      <subfield code="f">1662</subfield>
    </datafield>
    <datafield tag="678" ind1=" " ind2=" ">
      <subfield code="b">Statesman, biblical exegete, and theologian; Finanzier; Scholastiker</subfield>
    </datafield>
    <datafield tag="700" ind1="1" ind2="4">
      <subfield code="a">Abravanel, Isaac</subfield>
      <subfield code="d">1437-1508</subfield>
    </datafield>
    <datafield tag="700" ind1="1" ind2="4">
      <subfield code="9">U:Hebr</subfield>
      <subfield code="a">אברבנאל, יצחק</subfield>
      <subfield code="d">1437-1508</subfield>
      <subfield code="5">DE-576</subfield>
      <subfield code="9">v:Original</subfield>
    </datafield>
    <datafield tag="913" ind1=" " ind2=" ">
      <subfield code="S">pnd</subfield>
      <subfield code="i">a</subfield>
      <subfield code="a">Abravanel, Yitsḥaḳ</subfield>
      <subfield code="0">(DE-588a)118500244</subfield>
    </datafield>
  </record>
